<record><leader>00000cas a2200000 a 4500</leader><controlfield tag="001">12046023</controlfield><controlfield tag="008">850517d186u186uksuwr ne      0    0eng d</controlfield><datafield ind1=" " ind2=" " tag="010"><subfield code="a">sn 85030329 </subfield></datafield><datafield ind1=" " ind2=" " tag="040"><subfield code="a">KSH</subfield><subfield code="b">eng</subfield><subfield code="c">KSH</subfield><subfield code="d">NPT</subfield><subfield code="d">OCL</subfield><subfield code="d">OCLCQ</subfield></datafield><datafield ind1=" " ind2=" " tag="042"><subfield code="a">msc</subfield></datafield><datafield ind1="0" ind2="4" tag="245"><subfield code="a">The Union crusader.</subfield></datafield><datafield ind1="1" ind2="3" tag="246"><subfield code="a">Paola union crusader</subfield></datafield><datafield ind1=" " ind2=" " tag="260"><subfield code="a">Paola, Kan. :</subfield><subfield code="b">Ellis &amp; Scott</subfield></datafield><datafield ind1=" " ind2=" " tag="300"><subfield code="a">v. ;</subfield><subfield code="c">55 cm.</subfield></datafield><datafield ind1=" " ind2=" " tag="310"><subfield code="a">Weekly</subfield></datafield><datafield ind1=" " ind2=" " tag="500"><subfield code="a">Published by J.H. Scott &lt;Oct. 7, 1864&gt;.</subfield></datafield><datafield ind1=" " ind2=" " tag="588"><subfield code="a">Description based on: Vol. 2, no. 27 (May 27, 1864).</subfield></datafield><datafield ind1=" " ind2=" " tag="752"><subfield code="a">United States</subfield><subfield code="b">Kansas</subfield><subfield code="c">Miami</subfield><subfield code="d">Paola.</subfield></datafield></record>